<record><leader>00000cas a22000007i 4500</leader><controlfield tag="001">1570495</controlfield><controlfield tag="008">750824d17891801pauwr ne      0    1eng d</controlfield><datafield ind1=" " ind2=" " tag="010"><subfield code="a">sn 91074658 </subfield></datafield><datafield ind1=" " ind2=" " tag="040"><subfield code="a">MUL</subfield><subfield code="b">eng</subfield><subfield code="c">MUL</subfield><subfield code="d">NYS</subfield><subfield code="d">NYG</subfield><subfield code="d">ONP</subfield><subfield code="d">NYS</subfield><subfield code="d">OCLCQ</subfield></datafield><datafield ind1=" " ind2=" " tag="042"><subfield code="a">msc</subfield></datafield><datafield ind1="0" ind2="0" tag="245"><subfield code="a">Gazette of the United States, &amp; daily advertiser.</subfield></datafield><datafield ind1="1" ind2="0" tag="247"><subfield code="a">Gazette of the United States</subfield><subfield code="f">Apr. 1789-Sept. 1793</subfield></datafield><datafield ind1="1" ind2="0" tag="247"><subfield code="a">Gazette of the United States &amp; evening advertiser</subfield><subfield code="f">Dec. 1793-June 1794</subfield></datafield><datafield ind1="1" ind2="0" tag="247"><subfield code="a">Gazette of the United States and daily evening advertiser</subfield><subfield code="f">June 1794-June 1795</subfield></datafield><datafield ind1="1" ind2="0" tag="247"><subfield code="a">Gazette of the United States</subfield><subfield code="f">July 1795-June 1796</subfield></datafield><datafield ind1="1" ind2="0" tag="247"><subfield code="a">Gazette of the United States, &amp; Philadelphia daily advertiser</subfield><subfield code="f">July 1796-June 1800</subfield></datafield><datafield ind1=" " ind2=" " tag="260"><subfield code="a">Philadelphia, Pa. :</subfield><subfield code="b">[s.n.]</subfield></datafield><datafield ind1=" " ind2=" " tag="300"><subfield code="a">v.</subfield></datafield><datafield ind1=" " ind2=" " tag="310"><subfield code="a">Weekly</subfield></datafield><datafield ind1=" " ind2=" " tag="752"><subfield code="a">United States</subfield><subfield code="b">Pennsylvania</subfield><subfield code="c">Philadelphia</subfield><subfield code="d">Philadelphia.</subfield></datafield></record>